<?xml version="1.0" encoding="UTF-8"?><collection xmlns="http://www.loc.gov/MARC21/slim"><record><leader>00478nam--2200157-i-4500</leader><controlfield tag="001">000030003</controlfield><controlfield tag="002">20161230</controlfield><controlfield tag="005">20170129223221</controlfield><controlfield tag="008">060222s1000------------r-----000-0-eng-d</controlfield><datafield ind1=" " ind2=" " tag="080"><subfield code="a">548(043)</subfield></datafield><datafield ind1=" " ind2=" " tag="100"><subfield code="a">Lambert, Bertrand</subfield></datafield><datafield ind1=" " ind2=" " tag="245"><subfield code="a">Influence de la structure critallographie que sue les proprites magnetiques et optiques des ions de la serie du fer dans zns</subfield><subfield code="b">these</subfield></datafield><datafield ind1=" " ind2=" " tag="260"><subfield code="a">Paris</subfield><subfield code="b">Universite</subfield><subfield code="c">1974</subfield></datafield><datafield ind1=" " ind2=" " tag="300"><subfield code="a">105 p</subfield></datafield><datafield ind1=" " ind2=" " tag="852"><subfield code="a">78322</subfield></datafield><datafield ind1=" " ind2=" " tag="CAT"><subfield code="a">SYS</subfield><subfield code="c">20170129</subfield><subfield code="h">223221</subfield></datafield></record></collection>